#------
# FHHPS
#------

@article{ackerberg2007econometric,
  title={Econometric tools for analyzing market outcomes},
  author={Ackerberg, Daniel and Benkard, C Lanier and Berry, Steven and Pakes, Ariel},
  journal={Handbook of econometrics},
  volume={6},
  pages={4171--4276},
  year={2007},
  publisher={Elsevier}
}


@article{gandhi2011identification,
  title={On the identification of production functions: How heterogeneous is productivity?},
  author={Gandhi, Amit and Navarro, Salvador and Rivers, David A},
  year={2011}
}

@article{heckman1998instrumental,
  title={Instrumental variables methods for the correlated random coefficient model: Estimating the average rate of return to schooling when the return is correlated with schooling},
  author={Heckman, James and Vytlacil, Edward},
  journal={Journal of Human Resources},
  pages={974--987},
  year={1998},
  publisher={JSTOR}
}

@article{browning2007heterogeneity,
  title={Heterogeneity and microeconometrics modeling},
  author={Browning, Martin and Carro, Jesus and others},
  journal={Econometric Society Monographs},
  volume={43},
  pages={47},
  year={2007},
  publisher={Cambridge University Press}
}

@article{hoderlein2017triangular,
  title={The triangular model with random coefficients},
  author={Hoderlein, Stefan and Holzmann, Hajo and Meister, Alexander},
  journal={Journal of Econometrics},
  volume={201},
  number={1},
  pages={144--169},
  year={2017},
  publisher={Elsevier}
}

@article{griliches1977estimating,
  title={Estimating the returns to schooling: Some econometric problems},
  author={Griliches, Zvi},
  journal={Econometrica: Journal of the Econometric Society},
  pages={1--22},
  year={1977},
  publisher={JSTOR}
}

@book{arellano2003panel,
  title={Panel data econometrics},
  author={Arellano, Manuel},
  year={2003},
  publisher={Oxford university press}
}

@article{marschak1944random,
  title={Random simultaneous equations and the theory of production},
  author={Marschak, Jacob and Andrews, William H},
  journal={Econometrica, Journal of the Econometric Society},
  pages={143--205},
  year={1944},
  publisher={JSTOR}
}

@article{wooldridge2005fixed,
  title={Fixed-effects and related estimators for correlated random-coefficient and treatment-effect panel data models},
  author={Wooldridge, Jeffrey M},
  journal={Review of Economics and Statistics},
  volume={87},
  number={2},
  pages={385--390},
  year={2005},
  publisher={MIT Press}
}

@article{blundell2003endogeneity,
  title={Endogeneity in nonparametric and semiparametric regression models},
  author={Blundell, Richard and Powell, James L},
  journal={Econometric society monographs},
  volume={36},
  pages={312--357},
  year={2003},
  publisher={Cambridge University Press}
}

@article{cunha2005separating,
  title={Separating uncertainty from heterogeneity in life cycle earnings},
  author={Cunha, Flavio and Heckman, James and Navarro, Salvador},
  journal={oxford Economic papers},
  volume={57},
  number={2},
  pages={191--261},
  year={2005},
  publisher={Oxford University Press}
}

@article{chamberlain1982multivariate,
  title={Multivariate regression models for panel data},
  author={Chamberlain, Gary},
  journal={Journal of econometrics},
  volume={18},
  number={1},
  pages={5--46},
  year={1982},
  publisher={Elsevier}
}

@article{chamberlain1992efficiency,
  title={Efficiency bounds for semiparametric regression},
  author={Chamberlain, Gary},
  journal={Econometrica: Journal of the Econometric Society},
  pages={567--596},
  year={1992},
  publisher={JSTOR}
}

@article{graham2012identification,
  title={Identification and estimation of average partial effects in “irregular” correlated random coefficient panel data models},
  author={Graham, Bryan S and Powell, James L},
  journal={Econometrica},
  volume={80},
  number={5},
  pages={2105--2152},
  year={2012},
  publisher={Wiley Online Library}
}

@article{chamberlain1984panel,
  title={Panel data},
  author={Chamberlain, Gary},
  journal={Handbook of econometrics},
  volume={2},
  pages={1247--1318},
  year={1984},
  publisher={Elsevier}
}


@article{chamberlain1986asymptotic,
  title={Asymptotic efficiency in semi-parametric models with censoring},
  author={Chamberlain, Gary},
  journal={journal of Econometrics},
  volume={32},
  number={2},
  pages={189--218},
  year={1986},
  publisher={Elsevier}
}
@article{lewbel2016identification,
  title={The Identification Zoo-Meanings of Identification in Econometrics},
  author={Lewbel, Arthur},
  journal={Forthcoming on Journal of Economic Literature},
  volume={7},
  year={2016}
}

@article{kasahara2015identification,
  title={Identification and estimation of production function with unobserved heterogeneity},
  author={Kasahara, Hiroyuki and Schrimpf, Paul and Suzuki, Michio},
  journal={University of British Columbia mimeo},
  year={2015}
}


@article{syverson2004product,
  title={Product substitutability and productivity dispersion},
  author={Syverson, Chad},
  journal={Review of Economics and Statistics},
  volume={86},
  number={2},
  pages={534--550},
  year={2004},
  publisher={MIT Press}
}


@article{hsieh2009misallocation,
  title={Misallocation and manufacturing TFP in China and India},
  author={Hsieh, Chang-Tai and Klenow, Peter J},
  journal={The Quarterly journal of economics},
  volume={124},
  number={4},
  pages={1403--1448},
  year={2009},
  publisher={MIT Press}
}

@inproceedings{mundlak1978models,
  title={Models with variable coefficients: integration and extension},
  author={Mundlak, Yair},
  booktitle={Annales de l'INSEE},
  pages={483--509},
  year={1978},
  organization={JSTOR}
}

@article{arellano2011identifying,
  title={Identifying distributional characteristics in random coefficients panel data models},
  author={Arellano, Manuel and Bonhomme, St{\'e}phane},
  journal={The Review of Economic Studies},
  volume={79},
  number={3},
  pages={987--1020},
  year={2011},
  publisher={Oxford University Press}
}

@article{syverson2011determines,
  title={What determines productivity?},
  author={Syverson, Chad},
  journal={Journal of Economic literature},
  volume={49},
  number={2},
  pages={326--65},
  year={2011}
}


@article{swamy1970efficient,
  title={Efficient inference in a random coefficient regression model},
  author={Swamy, Paravastu AVB},
  journal={Econometrica: Journal of the Econometric Society},
  pages={311--323},
  year={1970},
  publisher={JSTOR}
}


@article{hoderlein2010analyzing,
  title={Analyzing the random coefficient model nonparametrically},
  author={Hoderlein, Stefan and Klemel{\"a}, Jussi and Mammen, Enno},
  journal={Econometric Theory},
  volume={26},
  number={3},
  pages={804--837},
  year={2010},
  publisher={Cambridge University Press}
}

@article{allcott2016electricity,
  title={How do electricity shortages affect industry? Evidence from India},
  author={Allcott, Hunt and Collard-Wexler, Allan and O'Connell, Stephen D},
  journal={American Economic Review},
  volume={106},
  number={3},
  pages={587--624},
  year={2016}
}

@book{wooldridge2010econometric,
  title={Econometric analysis of cross section and panel data},
  author={Wooldridge, Jeffrey M},
  year={2010},
  publisher={MIT press}
}


@inproceedings{sklearn_api,
  author    = {Lars Buitinck and Gilles Louppe and Mathieu Blondel and
               Fabian Pedregosa and Andreas Mueller and Olivier Grisel and
               Vlad Niculae and Peter Prettenhofer and Alexandre Gramfort
               and Jaques Grobler and Robert Layton and Jake VanderPlas and
               Arnaud Joly and Brian Holt and Ga{\"{e}}l Varoquaux},
  title     = {{API} design for machine learning software: experiences from the scikit-learn
               project},
  booktitle = {ECML PKDD Workshop: Languages for Data Mining and Machine Learning},
  year      = {2013},
  pages = {108--122},
}


@article{levinsohn2003estimating,
  title={Estimating production functions using inputs to control for unobservables},
  author={Levinsohn, James and Petrin, Amil},
  journal={The Review of Economic Studies},
  volume={70},
  number={2},
  pages={317--341},
  year={2003},
  publisher={Wiley-Blackwell}
}

@misc{vitor2017,
  author = {Hadad, Vitor},
  title = {FHHPS - Estimating a linear panel data model with two correlated random coefficients},
  year = {2017},
  publisher = {GitHub},
  journal = {GitHub repository},
  howpublished = {\url{https://github.com/halflearned/FHHPS}},
  commit = {4f57d6a0e4c030202a07a60bc1bb1ed1544bf679}
}

@techreport{olley1992dynamics,
  title={The dynamics of productivity in the telecommunications equipment industry},
  author={Olley, G Steven and Pakes, Ariel},
  year={1992},
  institution={National Bureau of Economic Research}
}

@article{arellano1991some,
  title={Some tests of specification for panel data: Monte Carlo evidence and an application to employment equations},
  author={Arellano, Manuel and Bond, Stephen},
  journal={The review of economic studies},
  volume={58},
  number={2},
  pages={277--297},
  year={1991},
  publisher={Wiley-Blackwell}
}


#------
# KIDNEY
#------

@inproceedings{sutskever2014sequence,
  title={Sequence to sequence learning with neural networks},
  author={Sutskever, Ilya and Vinyals, Oriol and Le, Quoc V},
  booktitle={Advances in neural information processing systems},
  pages={3104--3112},
  year={2014}
}

@article{cho2014learning,
  title={Learning phrase representations using RNN encoder-decoder for statistical machine translation},
  author={Cho, Kyunghyun and Van Merri{\"e}nboer, Bart and Gulcehre, Caglar and Bahdanau, Dzmitry and Bougares, Fethi and Schwenk, Holger and Bengio, Yoshua},
  journal={arXiv preprint arXiv:1406.1078},
  year={2014}
}

@inproceedings{kalchbrenner2013recurrent,
  title={Recurrent continuous translation models},
  author={Kalchbrenner, Nal and Blunsom, Phil},
  booktitle={Proceedings of the 2013 Conference on Empirical Methods in Natural Language Processing},
  pages={1700--1709},
  year={2013}
}

@article{kipf2016semi,
  title={Semi-supervised classification with graph convolutional networks},
  author={Kipf, Thomas N and Welling, Max},
  journal={arXiv preprint arXiv:1609.02907},
  year={2016}
}

@inproceedings{defferrard2016convolutional,
  title={Convolutional neural networks on graphs with fast localized spectral filtering},
  author={Defferrard, Micha{\"e}l and Bresson, Xavier and Vandergheynst, Pierre},
  booktitle={Advances in Neural Information Processing Systems},
  pages={3844--3852},
  year={2016}
}


@article{auer2002finite,
  title={Finite-time analysis of the multiarmed bandit problem},
  author={Auer, Peter and Cesa-Bianchi, Nicolo and Fischer, Paul},
  journal={Machine learning},
  volume={47},
  number={2-3},
  pages={235--256},
  year={2002},
  publisher={Springer}
}

@article{chapelle2011empirical,
  title={An empirical evaluation of thompson sampling},
  author={Chapelle, Olivier and Li, Lihong},
  journal={Advances in neural information processing systems},
  pages={2249--2257},
  year={2011}
}




@misc{slivkins2018introduction,
  author       = {Aleksandrs Slivkins}, 
  title        = {Introduction to Multi-Armed Bandits},
  month        = 1,
  year         = 2018,
  note         = {Available at http://slivkins.com/work/MAB-book.pdf. Retrieved on Jan 11, 2018.}
}


@article{russo2017tutorial,
  title={A Tutorial on Thompson Sampling},
  author={Russo, Daniel and Van Roy, Benjamin and Kazerouni, Abbas and Osband, Ian},
  journal={arXiv preprint arXiv:1707.02038},
  year={2017}
}

@article{saidman2006increasing,
  title={Increasing the opportunity of live kidney donation by matching for two-and three-way exchanges},
  author={Saidman, Susan L and Roth, Alvin E and S{\"o}nmez, Tayfun and {\"U}nver, M Utku and Delmonico, Francis L},
  journal={Transplantation},
  volume={81},
  number={5},
  pages={773--782},
  year={2006},
  publisher={LWW}
}

@article{kaelbling1996reinforcement,
  title={Reinforcement learning: A survey},
  author={Kaelbling, Leslie Pack and Littman, Michael L and Moore, Andrew W},
  journal={Journal of artificial intelligence research},
  volume={4},
  pages={237--285},
  year={1996}
}

@article{katehakis1995sequential,
  title={Sequential choice from several populations.},
  author={Katehakis, Michael N and Robbins, Herbert},
  journal={Proceedings of the National Academy of Sciences of the United States of America},
  volume={92},
  number={19},
  pages={8584},
  year={1995},
  publisher={National Academy of Sciences}
}


@article{agrawal1995sample,
  title={Sample mean based index policies by o (log n) regret for the multi-armed bandit problem},
  author={Agrawal, Rajeev},
  journal={Advances in Applied Probability},
  volume={27},
  number={4},
  pages={1054--1078},
  year={1995},
  publisher={Cambridge University Press}
}


@inproceedings{agrawal2012analysis,
  title={Analysis of thompson sampling for the multi-armed bandit problem},
  author={Agrawal, Shipra and Goyal, Navin},
  booktitle={Conference on Learning Theory},
  pages={39--1},
  year={2012}
}

@article{thompson1933likelihood,
  title={On the likelihood that one unknown probability exceeds another in view of the evidence of two samples},
  author={Thompson, William R},
  journal={Biometrika},
  volume={25},
  number={3/4},
  pages={285--294},
  year={1933},
  publisher={JSTOR}
}

@article{agrawal1995sample,
  title={Sample mean based index policies by o (log n) regret for the multi-armed bandit problem},
  author={Agrawal, Rajeev},
  journal={Advances in Applied Probability},
  volume={27},
  number={4},
  pages={1054--1078},
  year={1995},
  publisher={Cambridge University Press}
}

@article{auer2002finite,
  title={Finite-time analysis of the multiarmed bandit problem},
  author={Auer, Peter and Cesa-Bianchi, Nicolo and Fischer, Paul},
  journal={Machine learning},
  volume={47},
  number={2-3},
  pages={235--256},
  year={2002},
  publisher={Springer}
}

@article{lai1985asymptotically,
  title={Asymptotically efficient adaptive allocation rules},
  author={Lai, Tze Leung and Robbins, Herbert},
  journal={Advances in applied mathematics},
  volume={6},
  number={1},
  pages={4--22},
  year={1985},
  publisher={Citeseer}
}

@inproceedings{kaufmann2012thompson,
  title={Thompson sampling: An asymptotically optimal finite-time analysis},
  author={Kaufmann, Emilie and Korda, Nathaniel and Munos, R{\'e}mi},
  booktitle={International Conference on Algorithmic Learning Theory},
  pages={199--213},
  year={2012},
  organization={Springer}
}

@article{bubeck2012regret,
  title={Regret analysis of stochastic and nonstochastic multi-armed bandit problems},
  author={Bubeck, S{\'e}bastien and Cesa-Bianchi, Nicolo and others},
  journal={Foundations and Trends{\textregistered} in Machine Learning},
  volume={5},
  number={1},
  pages={1--122},
  year={2012},
  publisher={Now Publishers, Inc.}
}


@online{optn2018cpra
  author = {{Organ Procurement and Transplantation Network}},
  title = {About CPRA},
  year = 2018,
  url = {https://optn.transplant.hrsa.gov/resources/allocation-calculators/about-cpra/},
  urldate = {2018-02-03}
}


@online{optn2013cpra,
  author = {{Organ Procurement and Transplantation Network}},
  title = {Current CPRA calculation, Updated 2013},
  year = 2013,
  url = {http://transplantpro.org/wp-content/uploads/Current-CPRA-Calculation-2.ppt},
  urldate = {2018-02-10}
}



@online{lattimore2018bandits,
  author = {Lattimore, Tor and Szepesvari, Csaba},
  title = {Bandit Algorithms},
  year = 2018,
  url = {http://banditalgs.com/},
  urldate = {2018-02-06}
}


@article{cecka2010calculated,
  title={Calculated PRA (CPRA): the new measure of sensitization for transplant candidates},
  author={Cecka, JM},
  journal={American journal of transplantation},
  volume={10},
  number={1},
  pages={26--29},
  year={2010},
  publisher={Wiley Online Library}
}


@article{takemoto2004hla,
  title={HLA matching for kidney transplantation},
  author={Takemoto, Steve and Port, Friedrich K and Claas, Frans HJ and Duquesnoy, Rene J},
  journal={Human immunology},
  volume={65},
  number={12},
  pages={1489--1505},
  year={2004},
  publisher={Elsevier}
}

@techreport{ashlagi2012need,
  title={The need for (long) chains in kidney exchange},
  author={Ashlagi, Itai and Gamarnik, David and Rees, Michael A and Roth, Alvin E},
  year={2012},
  institution={National Bureau of Economic Research}
}

@inproceedings{anderson2014dynamic,
  title={A dynamic model of barter exchange},
  author={Anderson, Ross and Ashlagi, Itai and Gamarnik, David and Kanoria, Yash},
  booktitle={Proceedings of the Twenty-Sixth Annual ACM-SIAM Symposium on Discrete Algorithms},
  pages={1925--1933},
  year={2014},
  organization={SIAM}
}

@article{ashlagi2011nonsimultaneous,
  title={Nonsimultaneous Chains and Dominos in Kidney-Paired Donation—Revisited},
  author={Ashlagi, Itai and Gilchrist, Duncan S and Roth, Alvin E and Rees, Michael A},
  journal={American Journal of transplantation},
  volume={11},
  number={5},
  pages={984--994},
  year={2011},
  publisher={Wiley Online Library}
}

@inproceedings{dickerson2015futurematch,
  title={FutureMatch: Combining Human Value Judgments and Machine Learning to Match in Dynamic Environments.},
  author={Dickerson, John P and Sandholm, Tuomas},
  booktitle={AAAI},
  pages={622--628},
  year={2015}
}

@inproceedings{awasthi2009online,
  title={Online Stochastic Optimization in the Large: Application to Kidney Exchange.},
  author={Awasthi, Pranjal and Sandholm, Tuomas},
  booktitle={IJCAI},
  volume={9},
  pages={405--411},
  year={2009}
}

@inproceedings{dickerson2017small,
  title={Small Representations of Big Kidney Exchange Graphs.},
  author={Dickerson, John P and Kazachkov, Aleksandr M and Procaccia, Ariel D and Sandholm, Tuomas},
  booktitle={AAAI},
  pages={487--493},
  year={2017}
}

@article{constantino2013new,
  title={New insights on integer-programming models for the kidney exchange problem},
  author={Constantino, Miguel and Klimentova, Xenia and Viana, Ana and Rais, Abdur},
  journal={European Journal of Operational Research},
  volume={231},
  number={1},
  pages={57--68},
  year={2013},
  publisher={Elsevier}
}

@article{anderson2015finding,
  title={Finding long chains in kidney exchange using the traveling salesman problem},
  author={Anderson, Ross and Ashlagi, Itai and Gamarnik, David and Roth, Alvin E},
  journal={Proceedings of the National Academy of Sciences},
  volume={112},
  number={3},
  pages={663--668},
  year={2015},
  publisher={National Acad Sciences}
}



@inproceedings{dickerson2016position,
  title={Position-indexed formulations for kidney exchange},
  author={Dickerson, John P and Manlove, David F and Plaut, Benjamin and Sandholm, Tuomas and Trimble, James},
  booktitle={Proceedings of the 2016 ACM Conference on Economics and Computation},
  pages={25--42},
  year={2016},
  organization={ACM}
}

@inproceedings{plaut2016fast,
  title={Fast Optimal Clearing of Capped-Chain Barter Exchanges.},
  author={Plaut, Benjamin and Dickerson, John P and Sandholm, Tuomas},
  booktitle={AAAI},
  pages={601--607},
  year={2016}
}

@inproceedings{abraham2007clearing,
  title={Clearing algorithms for barter exchange markets: Enabling nationwide kidney exchanges},
  author={Abraham, David J and Blum, Avrim and Sandholm, Tuomas},
  booktitle={Proceedings of the 8th ACM conference on Electronic commerce},
  pages={295--304},
  year={2007},
  organization={ACM}
}


@article{akbarpour2017thickness,
  title={Thickness and information in dynamic matching markets},
  author={Akbarpour, Mohammad and Li, Shengwu and Oveis Gharan, Shayan},
  year={2017}
}


@article{ferrari2014kidney,
  title={Kidney paired donation: principles, protocols and programs},
  author={Ferrari, Paolo and Weimar, Willem and Johnson, Rachel J and Lim, Wai H and Tinckam, Kathryn J},
  journal={Nephrology Dialysis Transplantation},
  volume={30},
  number={8},
  pages={1276--1285},
  year={2014},
  publisher={Oxford University Press}
}




@book{goodfellow2016deep,
  title={Deep learning},
  author={Goodfellow, Ian and Bengio, Yoshua and Courville, Aaron},
  year={2016},
  publisher={MIT press}
}


@inproceedings{dickerson2016position,
  title={Position-indexed formulations for kidney exchange},
  author={Dickerson, John P and Manlove, David F and Plaut, Benjamin and Sandholm, Tuomas and Trimble, James},
  booktitle={Proceedings of the 2016 ACM Conference on Economics and Computation},
  pages={25--42},
  year={2016},
  organization={ACM}
}

@article{unver2010dynamic,
  title={Dynamic kidney exchange},
  author={{\"U}nver, M Utku},
  journal={The Review of Economic Studies},
  volume={77},
  number={1},
  pages={372--414},
  year={2010},
  publisher={Wiley-Blackwell}
}

@inproceedings{dickerson2012dynamic,
  title={Dynamic Matching via Weighted Myopia with Application to Kidney Exchange.},
  author={Dickerson, John P and Procaccia, Ariel D and Sandholm, Tuomas},
  booktitle={AAAI},
  year={2012}
}

@article{lecun2015deep,
  title={Deep learning},
  author={LeCun, Yann and Bengio, Yoshua and Hinton, Geoffrey},
  journal={nature},
  volume={521},
  number={7553},
  pages={436},
  year={2015},
  publisher={Nature Publishing Group}
}


@article{shuman2013emerging,
  title={The emerging field of signal processing on graphs: Extending high-dimensional data analysis to networks and other irregular domains},
  author={Shuman, David I and Narang, Sunil K and Frossard, Pascal and Ortega, Antonio and Vandergheynst, Pierre},
  journal={IEEE Signal Processing Magazine},
  volume={30},
  number={3},
  pages={83--98},
  year={2013},
  publisher={IEEE}
}


@article{roth2007efficient,
  title={Efficient kidney exchange: Coincidence of wants in markets with compatibility-based preferences},
  author={Roth, Alvin E and S{\"o}nmez, Tayfun and {\"U}nver, M Utku},
  journal={American Economic Review},
  volume={97},
  number={3},
  pages={828--851},
  year={2007}
}

@article{tonelli2011systematic,
  title={Systematic review: kidney transplantation compared with dialysis in clinically relevant outcomes},
  author={Tonelli, M and Wiebe, N and Knoll, G and Bello, A and Browne, S and Jadhav, D and Klarenbach, S and Gill, J},
  journal={American journal of transplantation},
  volume={11},
  number={10},
  pages={2093--2109},
  year={2011},
  publisher={Wiley Online Library}
}

@article{ashlagi2013kidney,
  title={Kidney exchange in dynamic sparse heterogenous pools},
  author={Ashlagi, Itai and Jaillet, Patrick and Manshadi, Vahideh H},
  journal={arXiv preprint arXiv:1301.3509},
  year={2013}
}


@inproceedings{dickerson2013failure,
  title={Failure-aware kidney exchange},
  author={Dickerson, John P and Procaccia, Ariel D and Sandholm, Tuomas},
  booktitle={Proceedings of the fourteenth ACM conference on Electronic commerce},
  pages={323--340},
  year={2013},
  organization={ACM}
}

@inproceedings{rapaport1986case,
  title={The case for a living emotionally related international kidney donor exchange registry.},
  author={Rapaport, Felix T},
  booktitle={Transplantation proceedings},
  volume={18},
  number={3) Suppl. 2},
  pages={5--9},
  year={1986}
}


@inproceedings{dickerson2014price,
  title={Price of fairness in kidney exchange},
  author={Dickerson, John P and Procaccia, Ariel D and Sandholm, Tuomas},
  booktitle={Proceedings of the 2014 international conference on Autonomous agents and multi-agent systems},
  pages={1013--1020},
  year={2014},
  organization={International Foundation for Autonomous Agents and Multiagent Systems}
}


@article{sonmez2013market,
  title={Market design for kidney exchange},
  author={S{\"o}nmez, Tayfun and {\"U}nver, M Utku},
  journal={The Handbook of Market Design},
  pages={93--137},
  year={2013}
}

@article{abdulkadirouglu1999house,
  title={House allocation with existing tenants},
  author={Abdulkadiro{\u{g}}lu, Atila and S{\"o}nmez, Tayfun},
  journal={Journal of Economic Theory},
  volume={88},
  number={2},
  pages={233--260},
  year={1999},
  publisher={Elsevier}
}

@article{shapley1974cores,
  title={On cores and indivisibility},
  author={Shapley, Lloyd and Scarf, Herbert},
  journal={Journal of mathematical economics},
  volume={1},
  number={1},
  pages={23--37},
  year={1974},
  publisher={Elsevier}
}


@book{roth2015gets,
  title={Who Gets What—and Why: The New Economics of Matchmaking and Market Design},
  author={Roth, Alvin E},
  year={2015},
  publisher={Houghton Mifflin Harcourt}
}



@article{montgomery2006domino,
  title={Domino paired kidney donation: a strategy to make best use of live non-directed donation},
  author={Montgomery, Robert A and Gentry, Sommer E and Marks, William H and Warren, Daniel S and Hiller, Janet and Houp, Julie and Zachary, Andrea A and Melancon, J Keith and Maley, Warren R and Rabb, Hamid and others},
  journal={The Lancet},
  volume={368},
  number={9533},
  pages={419--421},
  year={2006},
  publisher={Elsevier}
}

@article{gentry2009roles,
  title={The roles of dominos and nonsimultaneous chains in kidney paired donation},
  author={Gentry, Sommer E and Montgomery, Robert A and Swihart, Bruce J and Segev, Dorry L},
  journal={American Journal of Transplantation},
  volume={9},
  number={6},
  pages={1330--1336},
  year={2009},
  publisher={Wiley Online Library}
}


@article{rees2009nonsimultaneous,
  title={A nonsimultaneous, extended, altruistic-donor chain},
  author={Rees, Michael A and Kopke, Jonathan E and Pelletier, Ronald P and Segev, Dorry L and Rutter, Matthew E and Fabrega, Alfredo J and Rogers, Jeffrey and Pankewycz, Oleh G and Hiller, Janet and Roth, Alvin E and others},
  journal={New England Journal of Medicine},
  volume={360},
  number={11},
  pages={1096--1101},
  year={2009},
  publisher={Mass Medical Soc}
}



@techreport{ashlagi2012need,
  title={The need for (long) chains in kidney exchange},
  author={Ashlagi, Itai and Gamarnik, David and Rees, Michael A and Roth, Alvin E},
  year={2012},
  institution={National Bureau of Economic Research}
}

@article{roth2004kidney,
  title={Kidney exchange},
  author={Roth, Alvin E and S{\"o}nmez, Tayfun and {\"U}nver, M Utku},
  journal={The Quarterly Journal of Economics},
  volume={119},
  number={2},
  pages={457--488},
  year={2004},
  publisher={MIT Press}
}

@article{roth2005pairwise,
  title={Pairwise kidney exchange},
  author={Roth, Alvin E and S{\"o}nmez, Tayfun and {\"U}nver, M Utku},
  journal={Journal of Economic theory},
  volume={125},
  number={2},
  pages={151--188},
  year={2005},
  publisher={Elsevier}
}


@inproceedings{rapaport1986case,
  title={The case for a living emotionally related international kidney donor exchange registry.},
  author={Rapaport, Felix T},
  booktitle={Transplantation proceedings},
  volume={18},
  number={3) Suppl. 2},
  pages={5--9},
  year={1986}
}


@article{akbarpour2016thickness,
  title={Thickness and information in dynamic matching markets},
  author={Akbarpour, Mohammad and Li, Shengwu and Oveis Gharan, Shayan},
  year={2016}
}

@inproceedings{toulis2011random,
  title={A random graph model of kidney exchanges: efficiency, individual-rationality and incentives},
  author={Toulis, Panagiotis and Parkes, David C},
  booktitle={Proceedings of the 12th ACM conference on Electronic commerce},
  pages={323--332},
  year={2011},
  organization={ACM}
}

@article{saidman2006increasing,
  title={Increasing the opportunity of live kidney donation by matching for two-and three-way exchanges},
  author={Saidman, Susan L and Roth, Alvin E and S{\"o}nmez, Tayfun and {\"U}nver, M Utku and Delmonico, Francis L},
  journal={Transplantation},
  volume={81},
  number={5},
  pages={773--782},
  year={2006},
  publisher={LWW}
}

@article{zenios2001primum,
  title={Primum non nocere: avoiding increased waiting times for individual racial and blood-type subsets of kidney wait list candidates in a living donor/cadaveric donor exchange program},
  author={Zenios, Stefanos and Woodle, E Steve and Ross, Lainie Friedman},
  journal={Transplantation},
  volume={72},
  number={4},
  pages={648--654},
  year={2001}
}


@article{ashlagi2011nonsimultaneous,
  title={Nonsimultaneous Chains and Dominos in Kidney-Paired Donation—Revisited},
  author={Ashlagi, Itai and Gilchrist, Duncan S and Roth, Alvin E and Rees, Michael A},
  journal={American Journal of transplantation},
  volume={11},
  number={5},
  pages={984--994},
  year={2011},
  publisher={Wiley Online Library}
}


@article{ashlagi2013kidney,
  title={Kidney exchange in dynamic sparse heterogenous pools},
  author={Ashlagi, Itai and Jaillet, Patrick and Manshadi, Vahideh H},
  journal={arXiv preprint arXiv:1301.3509},
  year={2013}
}

@inproceedings{grover2016node2vec,
  title={node2vec: Scalable feature learning for networks},
  author={Grover, Aditya and Leskovec, Jure},
  booktitle={Proceedings of the 22nd ACM SIGKDD international conference on Knowledge discovery and data mining},
  pages={855--864},
  year={2016},
  organization={ACM}
}



@article{hornik1989multilayer,
  title={Multilayer feedforward networks are universal approximators},
  author={Hornik, Kurt and Stinchcombe, Maxwell and White, Halbert},
  journal={Neural networks},
  volume={2},
  number={5},
  pages={359--366},
  year={1989},
  publisher={Elsevier}
}

@book{newman2010networks,
  title={Networks: an introduction},
  author={Newman, Mark},
  year={2010},
  publisher={Oxford university press}
}


@book{goodfellow2016deep,
  title={Deep learning},
  author={Goodfellow, Ian and Bengio, Yoshua and Courville, Aaron and Bengio, Yoshua},
  volume={1},
  year={2016},
  publisher={MIT press Cambridge}
}


@article{breiman2001random,
  title={Random forests},
  author={Breiman, Leo},
  journal={Machine learning},
  volume={45},
  number={1},
  pages={5--32},
  year={2001},
  publisher={Springer}
}

@article{cortes1995support,
  title={Support-vector networks},
  author={Cortes, Corinna and Vapnik, Vladimir},
  journal={Machine learning},
  volume={20},
  number={3},
  pages={273--297},
  year={1995},
  publisher={Springer}
}




@article{friedman2001greedy,
  title={Greedy function approximation: a gradient boosting machine},
  author={Friedman, Jerome H},
  journal={Annals of statistics},
  pages={1189--1232},
  year={2001},
  publisher={JSTOR}
}


@article{wu2009genome,
  title={Genome-wide association analysis by lasso penalized logistic regression},
  author={Wu, Tong Tong and Chen, Yi Fang and Hastie, Trevor and Sobel, Eric and Lange, Kenneth},
  journal={Bioinformatics},
  volume={25},
  number={6},
  pages={714--721},
  year={2009},
  publisher={Oxford University Press}
}





